@phdthesis
{
	boquist-phd,
	author = {Urban Boquist},
	school = {{Chalmers University of Technology and GÃ¶teborg University}},
	title ={{Code Optimisation Techniques for Lazy Functional Languages}},
	year = {1999},
	isbn = {91-7197-792-9}
}

@inproceedings
{
	boquist-grin,
	author = {Boquist, Urban and Johnsson, Thomas},
	title = {{The GRIN Project: A Highly Optimising Back End for Lazy Functional Languages}},
	booktitle = {{Selected Papers from the 8th International Workshop on Implementation of Functional Languages}},
	series = {IFL '96},
	year = {1997},
	isbn = {3-540-63237-9},
	pages = {58--84},
	numpages = {27},
	url = {http://dl.acm.org/citation.cfm?id=647975.743083},
	acmid = {743083},
	publisher = {{Springer-Verlag}},
	address = {Berlin, Heidelberg}
}

@mastersthesis
{
	remi-masters,
	author = {Remi Turk},
	school = {{Universiteit van Amsterdam}},
	title ={{A modern back-end for a dependently typed language}},
	year = {2010}
}